@article{Clustering,
  author   = "А.В. Кугаевских",
  title    = "КЛАССИЧЕСКИЕ МЕТОДЫ МАШИННОГО ОБУЧЕНИЯ",
  journal  = "Санкт-Петербург, ИТМО",
  year     = "2022",
  pages    = {13-14},
  language = "russian"
}

@article{DataAnalysis,
  author   = "М.А. Поручиков",
  title    = "АНАЛИЗ ДАННЫХ",
  journal  = "Самара, Самарский университет им. С.П. Королева",
  year     = "2016",
  pages    = {9},
  language = "russian"
}

@article{ClassicalMethods,
  author   = "Д.С. Черезов",
  title    = "ОБЗОР ОСНОВНЫХ МЕТОДОВ КЛАССИФИКАЦИИ И КЛАСТЕРИЗАЦИИ ДАННЫХ",
  journal  = "Воронеж, Воронежский государственный университет",
  year     = "2020",
  pages    = {28},
  language = "russian"
}

@online{HierarchicalСlustering,
  language = "english",
  title    = "Understanding the concept of Hierarchical clustering Technique [Электронный ресурс]",
  note     = "Режим доступа URL: \url{https://towardsdatascience.com/understanding-the-concept-of-hierarchical-clustering-technique-c6e8243758ec} (Дата обращения: 12.04.2023)"
}

@online{KmeansСlustering,
  language = "english",
  title    = "K-means Clustering: Algorithm, Applications, Evaluation Methods, and Drawbacks [Электронный ресурс]",
  note     = "Режим доступа URL: \url{https://towardsdatascience.com/k-means-clustering-algorithm-applications-evaluation-methods-and-drawbacks-aa03e644b48a} (Дата обращения: 12.04.2023)"
}

@online{KmodesСlustering,
  language = "english",
  title    = "The k-modes as Clustering Algorithm for Categorical Data Type [Электронный ресурс]",
  note     = "Режим доступа URL: \url{https://medium.com/geekculture/the-k-modes-as-clustering-algorithm-for-categorical-data-type-bcde8f95efd7} (Дата обращения: 12.04.2023)"
}

@article{KprototypesСlustering,
  author   = "Z. Jia",
  title    = "Weighted k-Prototypes Clustering Algorithm Based on the Hybrid Dissimilarity Coefficient",
  journal  = "Гуанчжоу, Nanfang College of Sun Yat-sen University",
  year     = "2020",
  pages    = {2-4},
  language = "english"
}

@article{CmeansСlustering,
  author   = "K. Rajkumar",
  title    = "Fuzzy clustering and Fuzzy C-Means partition cluster analysis and validation studies on a subset of CiteScore dataset",
  journal  = "International Journal of Electrical and Computer Engineering (IJECE)",
  year     = "2019",
  pages    = {18},
  language = "english"
}

@article{DBSCANСlustering,
  author   = "Z. Liu",
  title    = "A Density-Based Spatial Clustering of Application with Noise Algorithm and its Empirical Research",
  journal  = "Highlights in Science, Engineering and Technology",
  pages    = {174-178},
  year     = "2022",
  language = "english"
}

@article{AnalysisСlusteringAlgorithms,
  author   = "К.С. Ершов",
  title    = "Анализ и классификация алгоритмов кластеризации",
  journal  = "Москва, МГТУ им. Н.Э. Баумана",
  pages    = {274-277},
  year     = "2016",
  language = "russian"
}

@online{MinimumSpanningTree,
  language = "english",
  title    = "Minimum Spanning Tree Tutorials [Электронный ресурс]",
  note     = "Режим доступа URL: \url{https://www.hackerearth.com/practice/algorithms/graphs/minimum-spanning-tree/tutorial/} (Дата обращения: 12.04.2023)"
}

@online{Links,
  language = "english",
  title    = "Hierarchical Clustering / Dendrogram: Simple Definition, Examples [Электронный ресурс]",
  note     = "Режим доступа URL: \url{https://www.statisticshowto.com/hierarchical-clustering/} (Дата обращения: 18.04.2023)"
}

@online{SingleLink,
  language = "english",
  title    = "Single-Link clustering clearly explained [Электронный ресурс]",
  note     = "Режим доступа URL: \url{https://harikabonthu96.medium.com/single-link-clustering-clearly-explained-90dff58db5cb} (Дата обращения: 18.04.2023)"
}

@online{CompleteLink,
  language = "english",
  title    = "Manual Step by Step Complete Link hierarchical clustering with dendrogram [Электронный ресурс]",
  note     = "Режим доступа URL: \url{https://medium.com/analytics-vidhya/manual-step-by-step-complete-link-hierarchical-clustering-with-dendrogram-210c57b6afbf} (Дата обращения: 18.04.2023)"
}

@online{AverageLink,
  language = "english",
  title    = "Average Linkage Clustering [Электронный ресурс]",
  note     = "Режим доступа URL: \url{https://www.statistics.com/glossary/average-linkage-clustering/} (Дата обращения: 18.04.2023)"
}

@online{EuclideanDistance,
  language = "russian",
  title    = "Евклидово расстояние в анализе кластерного типа [Электронный ресурс]",
  note     = "Режим доступа URL: \url{https://otus.ru/journal/evklidovo-rasstoyanie-v-analize-klasternogo-tipa/} (Дата обращения: 20.04.2023)"
}

@online{ManhattanDistance,
  language = "english",
  title    = "Euclidean and Manhattan distance metrics in Machine Learning [Электронный ресурс]",
  note     = "Режим доступа URL: \url{https://medium.com/analytics-vidhya/euclidean-and-manhattan-distance-metrics-in-machine-learning-a5942a8c9f2f} (Дата обращения: 20.04.2023)"
}

@online{9DistanceMeasures,
  language = "english",
  title    = "9 Distance Measures in Data Science [Электронный ресурс]",
  note     = "Режим доступа URL: \url{https://towardsdatascience.com/9-distance-measures-in-data-science-918109d069fa} (Дата обращения: 20.04.2023)"
}

@online{MinkowskiDistance,
  language = "russian",
  title    = "Расстояние Минковского [Электронный ресурс]",
  note     = "Режим доступа URL: \url{http://poivs.tsput.ru/ru/Math/Analysis/FunctionalAnalysis/DistanceMinkowski} (Дата обращения: 20.04.2023)"
}

@online{HammingDistance,
  language = "english",
  title    = "What is Hamming Distance --- Tutorialspoint [Электронный ресурс]",
  note     = "Режим доступа URL: \url{https://www.tutorialspoint.com/what-is-hamming-distance} (Дата обращения: 20.04.2023)"
}

@online{GowerDistance,
  language = "english",
  title    = "Gower's Distance --- Medium [Электронный ресурс]",
  note     = "Режим доступа URL: \url{https://medium.com/analytics-vidhya/gowers-distance-899f9c4bd553} (Дата обращения: 20.04.2023)"
}

@online{ElbowMethod,
  language = "russian",
  title    = "Метод локтя (Elbow Rule) [Электронный ресурс]",
  note     = "Режим доступа URL: \url{https://www.helenkapatsa.ru/mietod-loktia/} (Дата обращения: 22.04.2023)"
}

@online{SilhouetteMethod,
  language = "russian",
  title    = "Метод силуэта (Silhouette Method) [Электронный ресурс]",
  note     = "Режим доступа URL: \url{https://www.helenkapatsa.ru/silhouette-method/} (Дата обращения: 22.04.2023)"
}

@online{Python,
  language = "english",
  title    = "Welcome to Python [Электронный ресурс]",
  note     = "Режим доступа URL: \url{https://www.python.org} (Дата обращения: 25.04.2023)"
}

@online{Tkinter,
  language = "english",
  title    = "Tkinter --- Python interface to Tcl/Tk [Электронный ресурс]",
  note     = "Режим доступа URL: \url{https://docs.python.org/3/library/tkinter.html} (Дата обращения: 25.04.2023)"
}

@online{Matplotlib,
  language = "english",
  title    = "Matplotlib —-- Visualization with Python [Электронный ресурс]",
  note     = "Режим доступа URL: \url{https://matplotlib.org} (Дата обращения: 25.04.2023)"
}

@online{Pyplot,
  language = "english",
  title    = "matplotlib.pyplot --- Matplotlib 3.5.3 documentation [Электронный ресурс]",
  note     = "Режим доступа URL: \url{https://matplotlib.org/3.5.3/api/_as_gen/matplotlib.pyplot.html} (Дата обращения: 25.04.2023)"
}

@online{ClusterHierarchy,
  language = "english",
  title    = "Hierarchical clustering (scipy.cluster.hierarchy) [Электронный ресурс]",
  note     = "Режим доступа URL: \url{https://docs.scipy.org/doc/scipy/reference/cluster.hierarchy.html} (Дата обращения: 30.04.2023)"
}

@online{SciPy,
  language = "english",
  title    = "SciPy [Электронный ресурс]",
  note     = "Режим доступа URL: \url{https://scipy.org} (Дата обращения: 30.04.2023)"
}

@online{Prettytable,
  language = "russian",
  title    = "Модуль PrettyTable в Python, вывод табличных данных [Электронный ресурс]",
  note     = "Режим доступа URL: \url{https://docs-python.ru/packages/modul-prettytable-python/} (Дата обращения: 16.05.2023)"
}
